

@misc{ns3-TCP-DoS-Attack,
    author = {},
    title  = {Low Rate {TCP}-Targeted {DoS} Attack},
    note   = {},
    url = {https://samvid25.github.io/Low-Rate-TCP-DoS-Attack/},
    year   = {},
}

@misc{ns3-BLUE,
    author = {},
    title  = {Implementation of {BLUE} algorithm in ns-3},
    note   = {},
    url = {https://github.com/Vivek-anand-jain/Implementation-of-BLUE-in-ns-3},
    year   = {},
}


@misc{Gawlowicz2018,
    author = {Piotr Gawłowicz and Anatolij Zubow},
    title  = {ns3-gym Extending OpenAI Gym for Networking Research},
    url   = {},
    note = {},
    year   = {2018},
    month   = {},
}


@book{burbank2018introduction,
  title={An Introduction to Network Simulator 3},
  author={Burbank, J.L.},
  isbn={9781118158999},
  url={https://books.google.com/books?id=2tCBtgAACAAJ},
  year={2018},
  publisher={Wiley}
}


@INPROCEEDINGS{Hayes2018:ICCNC,
author={B. Hayes and Y. Chang and G. Riley},
booktitle={2018 International Conference on Computing, Networking and Communications (ICNC)},
title={Scaling 360-degree Adaptive Bitrate Video Delivery Over an SDN Architecture},
year={2018},
volume={},
number={},
pages={604-608},
keywords={digital simulation;Internet;software defined networking;transport protocols;video streaming;campus networks;current multipath algorithms;experimental multipath algorithms;standard MPTCP;network efficiency;360-degree adaptive bitrate video delivery;SDN architecture;end user requirements;360-degree media content;unique challenges;considering operations;network capacity;multipath TCP;leverage numerous networks;congested environments;inherent trade-offs;responsiveness;load balancing;Network Simulator 3;Quick UDP Internet Connections;MPTCP usage;testbed experimental results;average multipath differential delay;QUIC;Delays;Streaming media;Bandwidth;Bit rate;Protocols;Servers;Minimization;DASH;SDN;ABR;MPTCP;360;QUIC;NS3},
doi={10.1109/ICCNC.2018.8390354},
ISSN={},
month={March},
}

@article{Yan2017:CCR,
 author = {Yan, Lisa and McKeown, Nick},
 title = {Learning Networking by Reproducing Research Results},
 journal = {SIGCOMM Comput. Commun. Rev.},
 issue_date = {April 2017},
 volume = {47},
 number = {2},
 month = may,
 year = {2017},
 issn = {0146-4833},
 pages = {19--26},
 numpages = {8},
 url = {http://doi.acm.org/10.1145/3089262.3089266},
 doi = {10.1145/3089262.3089266},
 acmid = {3089266},
 publisher = {ACM},
 address = {New York, NY, USA},
 keywords = {Reproducible research, Teaching computer networks},
}

@inproceedings{Fan2017:SIGCOMM,
 author = {Fan, Chengze and Bi, Jun and Zhou, Yu and Zhang, Cheng and Yu, Haisu},
 title = {NS4: A P4-driven Network Simulator},
 booktitle = {Proceedings of the SIGCOMM Posters and Demos},
 series = {SIGCOMM Posters and Demos '17},
 year = {2017},
 isbn = {978-1-4503-5057-0},
 location = {Los Angeles, CA, USA},
 pages = {105--107},
 numpages = {3},
 url = {http://doi.acm.org/10.1145/3123878.3132002},
 doi = {10.1145/3123878.3132002},
 acmid = {3132002},
 publisher = {ACM},
 address = {New York, NY, USA},
 keywords = {P4, simulation},
}

@techreport{patidar2017validation,
  title={Validation of {Wi-Fi} network simulation on ns-3},
  author={Rohan {Patidar et al.}},
  institution  = {University of Washington},
  year={2017}
}

@INPROCEEDINGS{Karjee2017:SECONW,
author={J. Karjee and S. Behera and H. Kumar Rath and A. Simha},
booktitle={2017 IEEE International Conference on Sensing, Communication and Networking (SECON Workshops)},
title={Distributed Cooperative Communication and Link Prediction in Cloud Robotics},
year={2017},
volume={},
number={},
pages={1-7},
keywords={cloud computing;cooperative communication;mobile robots;multi-robot systems;operating systems (computers);telecommunication network reliability;collaborative robotic based link prediction mechanism;cloud robotics;large scale heterogeneous robots;robotic motion constraint;distance constraint;environmental constraint;fog nodes;distributed cooperative multirobots communication model;DCMC model;robot-to-robot communication;R2R communication;robot-to-fog communication;R2F communication;fog-to-cloud communication;F2C communication;communication paths;mobility condition;CRLF mechanism;link quality evolution;joint Gazebo;robot operating system;ROS;MATLAB;network simulator based simulations;NS3 based simulations;energy saving;Peer-to-peer computing;Mobile robots;Computational modeling;Global Positioning System;Robot motion;Signal to noise ratio},
doi={10.1109/SECONW.2017.8011039},
ISSN={},
month={June},
}

@INPROCEEDINGS{Ahmed2017:IDAACS,
author={A. Ahmed and M. A. Pasha and Z. Ahmad and S. Masud and A. Sikora},
booktitle={2017 9th IEEE International Conference on Intelligent Data Acquisition and Advanced Computing Systems: Technology and Applications (IDAACS)},
title={Energy efficient sensor network routing (EESNR) protocol for large distributed environmental monitoring applications},
year={2017},
volume={2},
number={},
pages={740-745},
keywords={cyber-physical systems;energy conservation;environmental monitoring (geophysics);routing protocols;telecommunication power management;wireless sensor networks;energy efficient sensor network routing protocol;distributed environmental monitoring applications;climate change;water reservoirs;irrigation systems;focal area;CPS;energy-efficient WSN system;cross-layer effort;energy-aware routing protocols;energy optimization;hierarchical routing protocol;area environmental monitoring;large-scale irrigation network;cyber-physical systems;wireless sensor networks;EESNR protocol;multihop routing protocols;Wireless sensor networks;Routing protocols;Monitoring;Irrigation;Batteries;Time division multiple access;WSN;IoT;Energy-Efficient Routing;Hierarchical Protocols},
doi={10.1109/IDAACS.2017.8095188},
ISSN={},
month={Sept},
}

@inproceedings{Newton2015:WNS3,
 author = {Newton, Ben and Aikat, Jay and Jeffay, Kevin},
 title = {Simulating Large-scale Airborne Networks with Ns-3},
 booktitle = {Proceedings of the 2015 Workshop on Ns-3},
 series = {WNS3 '15},
 year = {2015},
 isbn = {978-1-4503-3375-7},
 location = {Barcelona, Spain},
 pages = {32--39},
 numpages = {8},
 url = {http://doi.acm.org/10.1145/2756509.2756514},
 doi = {10.1145/2756509.2756514},
 acmid = {2756514},
 publisher = {ACM},
 address = {New York, NY, USA},
 keywords = {OLSR, airborne networks, ns-3, steerable directional antennas, topology control},
}

@article{gupta2013open,
  title={Open-source network simulation tools: An overview},
  author={Suraj {Gupta et al.}},
  journal={International Journal of Advanced Research in Computer Engineering \& Technology (IJARCET)},
  volume={2},
  number={4},
  year={2013}
}

@INPROCEEDINGS{Delosières2012:PerComW,
author={L. Delosières and S. Nadjm-Tehrani},
booktitle={2012 IEEE International Conference on Pervasive Computing and Communications Workshops},
title={BATMAN store-and-forward: The best of the two worlds},
year={2012},
volume={},
number={},
pages={721-727},
keywords={disasters;mobile ad hoc networks;open systems;routing protocols;wireless mesh networks;BATMAN store-and-forward;disaster;ad hoc communication;mesh node;access point;multihop connection;multihop path;intermittently-connected network;store-and-forward mechanism;routing component;BATMAN node;mobility;SF-BATMAN protocol;interoperability;packet level simulator;NS3;mesh network;delivery ratio;routing protocol;mobile ad hoc network;Mesh networks;Routing;Routing protocols;Mobile ad hoc networks;Spread spectrum communication;Peer to peer computing;mesh network;delay-tolerant routing;BATMAN;store-and-forward;NS3},
doi={10.1109/PerComW.2012.6197608},
ISSN={},
month={March},
}

@article{Nikolaev2012Performance,
  title={Performance of Distributed ns-3 Network Simulator},
  author={Nikolaev, S and Barnes, P D and Brase, J M and Canales, T W and Jefferson, D R and Smith, S and Soltz, R A and Scheibel, P J},
  journal={Der Internist},
  volume={48},
  number={9},
  pages={1039-43},
  year={2012},
}

@inproceedings{baldo2010validation,
  title={Validation of the {IEEE} 802.11 {MAC} model in the ns3 simulator using the EXTREME testbed},
  author={Nicola {Baldo et al.}},
  booktitle={ICST SimuTools},
  pages={64},
  year={2010},
}

@misc{ieee2007ieee,
  title={{IEEE} Standard for Information technology-Telecommunications and information exchange between systems-Local and metropolitan area networks-Specific requirements Part 11: Wireless {LAN} Medium Access Control ({MAC}) and Physical Layer ({PHY}) Specifications},
  author={IEEE Computer Society {LAN/MAN} Standards Committee and others},
  journal={IEEE Std 802.11},
  year={2007}
}

@misc{IEEEStd802.11:1999,
  title         = "Information technology - telecommunications and information exchange between systems - local and metropolitan area networks - specific requirements. Part 11: wireless LAN Medium Access Control ({MAC}) and Physical Layer ({PHY}) specifications",
  institution   = "The Institute of Electrical and Electronics Engineers, Inc.",
  address       = "",
  type          = "ISO/IEC 8802-11, ANSI/IEEE Std 802.11, 1999 edn",
  revision      = "",
  year          = "1999",
  month         = "20 Aug.",
}

@misc{pei2009validation,
  title={Validation of ns-3 802.11b {PHY} model},
  author={Pei, Guangyu and Henderson, Tom},
  url={http://www.nsnam.org/~pei/80211b.pdf},
  year={2009}
}

@techreport{barsocchi2006validation,
  title={Validation for 802.11b wireless channel measurements},
  author={Paolo Barsocchi {et al.}},
  institution={Consiglio Nazionale delle Ricerche},
  year={2006}
}

@inproceedings{Lacage2006:WNS2,
 author = {Lacage, Mathieu and Henderson, Thomas R.},
 title = {Yet Another Network Simulator},
 booktitle = {Workshop on Ns-2: The IP Network Simulator},
 year = {2006},
}

@inproceedings{Di2005fidelity:WICON,
  title={On the fidelity of IEEE 802.11 commercial cards},
  author={Di Stefano, Antonio and Scaglione, Alessandro and Terrazzino, Giovanni and Tinnirello, Ilenia and Ammirata, Vito and Scalia, Luca and Bianchi, Giuseppe and Giaconia, Costantino},
  booktitle={IEEE WICON},
  pages={10--17},
  year={2005},
  organization={IEEE}
}

@INPROCEEDINGS{di2005fidelity,
author={A. Di Stefano et al.},
booktitle={IEEE WICON},
title={On the fidelity of {IEEE} 802.11 commercial cards},
year={2005},
volume={},
number={},
pages={10-17},
month={July},
}

@article{liu2005empirical,
  title={Empirical validation of wireless models in simulations of ad hoc routing protocols},
  author={Jason {Liu et al.}},
  journal={Simulation},
  volume={81},
  number={4},
  pages={307--323},
  year={2005},
}

@inproceedings{fuxjager2008collecting,
  title={Collecting broken frames: Error statistics in {IEEE} 802.11 b/g links},
  author={Fuxjager, Paul and Ricciato, Fabio},
  booktitle={IEEE WiOPT},
  pages={30--35},
  year={2008},
}

@ARTICLE{Kasch2009:MCOM,
title={Wireless network modeling and simulation tools for designers and developers - [Modeling and simulation: a practical guide for network designers and developers]},
author={Kasch, W.T. and Ward, J.R. and Andrusenko, J.},
journal={IEEE Communications Magazine},
year={2009},
month={March },
volume={47},
number={3},
pages={120-127},
doi={10.1109/MCOM.2009.4804397},
ISSN={0163-6804}, }

@ARTICLE{Niazi2009:MCOM,
title={Agent-based tools for modeling and simulation of self-organization in peer-to-peer, ad hoc, and other complex networks - [Modeling and simulation: a practical guide for network designers and developers]},
author={Niazi, M. and Hussain, A.},
journal={IEEE Communications Magazine},
year={2009},
month={March },
volume={47},
number={3},
pages={166-173},
doi={10.1109/MCOM.2009.4804403},
ISSN={0163-6804},
}

@INPROCEEDINGS{Weingartner2009:ICC,
author={E. Weingartner and H. vom Lehn and K. Wehrle},
booktitle={2009 IEEE International Conference on Communications},
title={A Performance Comparison of Recent Network Simulators},
year={2009},
volume={},
number={},
pages={1-5},
keywords={telecommunication computing;telecommunication network planning;network simulators;performance analysis;communication systems engineering;ns-2;standard network simulation tool;OMNet++;ns-3;SimPy;JiST/SWANS;Computational modeling;Peer to peer computing;Discrete event simulation;Computer simulation;Computer networks;Wireless sensor networks;Analytical models;Runtime;Computer architecture;Protocols},
doi={10.1109/ICC.2009.5198657},
ISSN={1550-3607},
month={June},}


@inproceedings{Weigle2006,
 author = {M.C. Weigle},
 title = {Improving Confidence in Network Simulations},
 booktitle = {Proceedings of the Winter Simulation Conference},
 year = {2006},
 volume    = {},
 number = {},
 month     = {Dec.},
 address   = {Monterey, CA},
 pages     = {2188-2194},
 }


%2004
@article{He2004,
 author = {Qi He and Mostafa Ammar and George Riley and Richard Fujimoto},
 title = {Exploiting the predictability of TCP steady-state to speed up network simulation},
 journal = {Perform. Eval.},
 volume = {58},
 number = {2+3},
 year = {2004},
 issn = {0166-5316},
 pages = {163--187},
 doi = {http://dx.doi.org/10.1016/j.peva.2004.07.013},
 publisher = {Elsevier Science Publishers B. V.},
 }

@inproceedings{Gu2004,
 author = {Yu Gu and Yong Liu and Don Towsley},
 title = {On Integrating Fluid Models with Packet Simulation},
 booktitle = {Proc. IEEE Conference on Computer Communications (INFOCOM)},
 year = {2004},
 volume    = {},
 number = {},
 month     = {Mar.},
 address   = {Hong Kong},
 pages     = {},
 }

@inproceedings{Yung2004,
 author = {T.K. Yung and J. Martin and M. Takai and R. Bagrodia},
 title = {Integration of fluid-based analytical model with Packet-Level Simulation for Analysis of Computer Networks},
 booktitle = {SPIE},
 year = {2001},
 volume    = {},
 number = {},
 month     = {},
 pages     = {},
 }

%2003

@inproceedings{Houtzager2003,
 author = {Riley, G.F.},
 title = {Large-scale network simulation: how big? how fast?},
 booktitle = {Proceedings of the 11th International Symposium on Modeling, Analysis and Simulation of Computer and Telecommunication Systems, MASCOTS 2003},
 year = {2003},
 month = {Oct.},
 isbn = {},
 pages = {116 - 123},
 publisher = {IEEE Computer Society},
 }

%2002

@misc{Gurtov2003,
    author = {A. Gurtov},
    title  = {NS2 Simulation Tests for Modeling Wireless Links},
    url   = {},
    note = {},
    year   = {2003},
    month = {Dec.},
}

@inproceedings{Anagnostakis2002,
 author = {K. G. Anagnostakis and M. B. Greenwald and R. S. Ryger},
 title = {On the Sensitivity of Network Simulation to Topology},
 booktitle = {Proceedings of the 10th IEEE International Symposium on Modeling, Analysis, and Simulation of Computer and Telecommunications Systems (MASCOTS'02)},
 year = {2002},
 month = {Oct.},
 pages = {117 - 126},
 publisher = {IEEE Computer Society},
 }

@article{Pawlikowski2002,
 author = {Pawlikowski, K. and Jeong, H.-D.J. and Lee, J.-S.R.},
 title = {On credibility of simulation studies of telecommunication networks},
 journal = {IEEE Communications Magazine},
 volume = {40},
 number = {1},
 pages = {132 - 139},
 publisher = {},
 year = {2002},
 month ={Jan.},
 }

@ARTICLE{Abry2002:SPM,
author={P. Abry and R. Baraniuk and P. Flandrin and R. Riedi and D. Veitch},
journal={IEEE Signal Processing Magazine},
title={Multiscale nature of network traffic},
year={2002},
volume={19},
number={3},
pages={28-46},
keywords={telecommunication networks;telecommunication traffic;statistical analysis;wavelet transforms;multiscale network traffic;telecommunications traffic;teletraffic;parsimonious models;scaling behavior statistics;nonstationary environments;wavelet transform;traffic statistics;traffic dynamics;Telecommunication traffic;TCPIP;Rivers;Traffic control;Statistics;Internet;Encapsulation;Transport protocols;Wavelet transforms;Wire},
doi={10.1109/79.998080},
ISSN={1053-5888},
month={May},
}

%2001

@inproceedings{Sanchez2001,
 author = {Susan M. Sanchez},
 title = {Output modeling: abc's of output analysis},
 booktitle = {Proceedings of the 33nd conference on Winter simulation},
 year = {2001},
 isbn = {0-7803-7309-X},
 pages = {30--38},
 location = {Arlington, Virginia},
 publisher = {IEEE Computer Society},
 }

@article{Floyd2001:simulation,
 author = {Sally Floyd and Vern Paxson},
 title = {Difficulties in simulating the internet},
 journal = {IEEE/ACM Trans. Netw.},
 volume = {9},
 number = {4},
 year = {2001},
 issn = {1063-6692},
 pages = {392--403},
 doi = {http://dx.doi.org/10.1109/90.944338},
 publisher = {IEEE Press},
 }


%2000

@incollection{Nicol2000,
 author = {David M. Nicol},
 editor = {Gunter Haring and Christoph Lindemann and Martin Reiser},
 title = {Discrete-Event Simulation in Performance Evaluation},
 booktitle = {Performance evaluation : origins and directions},
 month = {},
 year = {2000},
 pages = {},
 publisher = {Berlin ; Hong Kong : Springer,-Verlag},
 }

%1999

@inproceedings{Sanchez1999,
 author = {Susan M. Sanchez},
 title = {{ABC}'s of output analysis},
 booktitle = {Proceedings of the 31st conference on Winter simulation},
 year = {1999},
 isbn = {0-7803-5780-9},
 pages = {24--32},
 location = {Phoenix, Arizona, United States},
 doi = {http://doi.acm.org/10.1145/324138.324144},
 publisher = {ACM Press},
 }

%1997

@article{Srikant1997,
 author = {Rayadurgam Srikant and Ward Whitt},
 title = {Simulation run lengths to estimate blocking probabilities},
 journal = {ACM Trans. Model. Comput. Simul.},
 volume = {6},
 number = {1},
 year = {1996},
 issn = {1049-3301},
 pages = {7--52},
 doi = {http://doi.acm.org/10.1145/229493.229496},
 publisher = {ACM Press},
 address = {New York, NY, USA},
 }


@inproceedings{Whitt1997,
 author = {Whitt, W.},
 title = {Simulation In Research And Research In Simulation: A Telecommunications Perspective},
 booktitle = {Simulation Conference Proceedings},
 year = {1997},
 volume    = {},
 number = {},
 month     = {Dec.},
 pages     = {3 - 4},
 }

%1996

@article{Song1996,
 author = {Wheyming Tina Song},
 title = {On the estimation of optimal batch sizes in the analysis of simulation output},
 journal = {European Journal of Operational Research},
 volume = {88},
 number = {2},
 pages = {304-319},
 publisher = {Elsevier, Netherlands},
 year = {1996},
 month ={Jan.},
 }

@article{Ross1997,
 author = {Keith W. Ross and Jie Wang},
 title = {Implementation of {Monte Carlo} integration for the analysis of product-form queueing networks},
 journal = {Performance Evaluation},
 volume = {29},
 number = {4},
 pages = {223-299},
 publisher = {Elsevier, Netherlands},
 year = {1997},
 month ={May},
 }

%1995

@inproceedings{Srikant1995,
 author = {Srikant, R. and Whitt, W.},
 title = {Simulation run length planning for stochastic loss models},
 booktitle = {Simulation Conference Proceedings},
 year = {1995},
 volume    = {},
 number = {},
 month     = {Dec.},
 pages     = {1384 - 1391},
 }

%1994

@article{Ross1994,
 author = {Keith W. Ross and Danny H. K. Tsang and Jie Wang},
 title = {Monte Carlo summation and integration applied to multiclass queuing networks},
 journal = {J. ACM},
 volume = {41},
 number = {6},
 year = {1994},
 issn = {0004-5411},
 pages = {1110--1135},
 doi = {http://doi.acm.org/10.1145/195613.195630},
 publisher = {ACM Press},
 }

%1993

@inproceedings{Alexopoulos1993,
 author = {Christos Alexopoulos},
 title = {Advanced simulation output analysis for a single system},
 booktitle = {Proceedings of the 25th conference on Winter simulation},
 year = {1993},
 isbn = {0-7803-1381-X},
 pages = {89--96},
 location = {Los Angeles, California, United States},
 doi = {http://doi.acm.org/10.1145/256563.256593},
 publisher = {ACM Press},
 }

%1992

@article{Glynn1992a,
   title = {The Asymptotic Efficiency of Simulation Estimators},
   author = {Peter W. Glynn and Ward Whitt},
   journal = {Operations Research},
   volume = {40},
   number = {3},
   pages = {505-520},
   month = {May - Jun.},
   year = {1992}
   }

@article{Glynn1992b,
   title = {The Asymptotic Validity of Sequential Stopping Rules for Stochastic Simulations},
   author = {Peter W. Glynn and Ward Whitt},
   journal = {The Annals of Applied Probability},
   volume = {2},
   number = {1},
   pages = {180-198},
   month = {Feb.},
   year = {1992}
   }

@inproceedings{Ross1991,
    author = {Ross, K.W. and Wang, J.},
    title  = {Monte Carlo summation applied to multichain queueing networks},
    booktitle = {Proc. 30th IEEE Conference on Decision and Control},
    volume    = {},
    number = {},
    pages     = {483 - 484},
    address   = {},
    month     = {Dec.},
    year   = {1991}
}

@inproceedings{Ross1990,
    author = {Ross, K.W. and Wang, J.},
    title  = {Solving product form stochastic networks with Monte Carlo summation},
    booktitle = {Proc. Winter Simulation Conference},
    volume    = {},
    number = {},
    pages     = {270 - 275},
    address   = {},
    month     = {Dec.},
    year   = {1990}
}

@inproceedings{Tipper1989,
    author = {Tipper, D. and Lovegrove, W. and Hammond, J. and Pawlikowski, K.},
    title  = {Simulating the nonstationary behavior of communication networks},
    booktitle = {Proc. Twenty-First Southeastern Symposium on System Theory},
    volume    = {},
    number = {},
    pages     = {589 - 593},
    address   = {},
    month     = {Mar.},
    year   = {1989}
}

@inproceedings{Lehmer1951,
    author = {Lehmer, D. H.},
    title  = {Mathematical Methods in Large-scale Computing Units},
    booktitle = {Proceedings of the Second Symposium on Large Scale Digital Computing Machinery},
    volume    = {},
    number = {},
    pages     = {141-146},
    address   = {},
    month     = {},
    year   = {1951},
    publisher = {Harvard University Press: Cambridge},
}
